
@techreport{statcan2019,
  title = {Primary health care providers, 2017},
  author = {StatsCan},
  institution = {Statistics Canada},
  year = {2019}
}

@techreport{cihi2020,
  title = {How {Canada} Compares: Results From the Commonwealth Fund’s 2019 International Health Policy Survey of Primary Care Physicians},
  author = {CIHI},
  institution = {Canadian Institute for Health Information},
  year = {2020}
}

@book{ben1985,
  title={Discrete choice analysis: theory and application to travel demand},
  author={Ben-Akiva, Moshe and Lerman, Steven R},
  year={1985},
  publisher={MIT Press}
}

@article{hansen1959,
	title = {How Accessibility Shapes Land Use},
	author = {{Hansen}, {Walter G.}},
	year = {1959},
	month = {05},
	date = {1959-05},
	journal = {Journal of the American Institute of Planners},
	pages = {73--76},
	volume = {25},
	number = {2},
	doi = {10.1080/01944365908978307},
	url = {http://dx.doi.org/10.1080/01944365908978307},
	langid = {en}
}

@article{geurs2004,
	title = {Accessibility evaluation of land-use and transport strategies: review and research directions},
	author = {{Geurs}, {Karst T.} and {van Wee}, {Bert}},
	year = {2004},
	month = {06},
	date = {2004-06},
	journal = {Journal of Transport Geography},
	pages = {127--140},
	volume = {12},
	number = {2},
	doi = {10.1016/j.jtrangeo.2003.10.005},
	url = {http://dx.doi.org/10.1016/j.jtrangeo.2003.10.005},
	langid = {en}
}

@article{joseph1982,
	title = {Measuring potential physical accessibility to general practitioners in rural areas: A method and case study},
	author = {{Joseph}, {Alun E.} and {Bantock}, {Peter R.}},
	year = {1982},
	month = {01},
	date = {1982-01},
	journal = {Social Science & Medicine},
	pages = {85--90},
	volume = {16},
	number = {1},
	doi = {10.1016/0277-9536(82)90428-2},
	url = {http://dx.doi.org/10.1016/0277-9536(82)90428-2},
	langid = {en}
}

@article{radke2000,
	title = {Spatial Decompositions, Modeling and Mapping Service Regions to Predict Access to Social Programs},
	author = {{Radke}, {John} and {Mu}, {Lan}},
	year = {2000},
	month = {12},
	date = {2000-12},
	journal = {Annals of GIS},
	pages = {105--112},
	volume = {6},
	number = {2},
	doi = {10.1080/10824000009480538},
	url = {http://dx.doi.org/10.1080/10824000009480538},
	langid = {en}
}

@article{luo2009,
	title = {An enhanced two-step floating catchment area (E2SFCA) method for measuring spatial accessibility to primary care physicians},
	author = {{Luo}, {Wei} and {Qi}, {Yi}},
	year = {2009},
	month = {12},
	date = {2009-12},
	journal = {Health & Place},
	pages = {1100--1107},
	volume = {15},
	number = {4},
	doi = {10.1016/j.healthplace.2009.06.002},
	url = {http://dx.doi.org/10.1016/j.healthplace.2009.06.002},
	langid = {en}
}

@article{mcgrail2009,
	title = {Measuring spatial accessibility to primary care in rural areas: Improving the effectiveness of the two-step floating catchment area method},
	author = {{McGrail}, {Matthew R.} and {Humphreys}, {John S.}},
	year = {2009},
	month = {12},
	date = {2009-12},
	journal = {Applied Geography},
	pages = {533--541},
	volume = {29},
	number = {4},
	doi = {10.1016/j.apgeog.2008.12.003},
	url = {http://dx.doi.org/10.1016/j.apgeog.2008.12.003},
	langid = {en}
}

@article{dai2010,
	title = {Black residential segregation, disparities in spatial access to health care facilities, and late-stage breast cancer diagnosis in metropolitan Detroit},
	author = {{Dai}, {Dajun}},
	year = {2010},
	month = {09},
	date = {2010-09},
	journal = {Health & Place},
	pages = {1038--1052},
	volume = {16},
	number = {5},
	doi = {10.1016/j.healthplace.2010.06.012},
	url = {http://dx.doi.org/10.1016/j.healthplace.2010.06.012},
	langid = {en}
}

@article{bauer2016,
	title = {Measuring Spatial Accessibility of Health Care Providers {\textendash} Introduction of a Variable Distance Decay Function within the Floating Catchment Area (FCA) Method},
	author = {{Bauer}, {Jan} and {Groneberg}, {David A.}},
	editor = {{Deribe}, {Kebede}},
	year = {2016},
	month = {07},
	date = {2016-07-08},
	journal = {PLOS ONE},
	pages = {e0159148},
	volume = {11},
	number = {7},
	doi = {10.1371/journal.pone.0159148},
	url = {http://dx.doi.org/10.1371/journal.pone.0159148},
	langid = {en}
}

@article{wan2012,
	title = {A three-step floating catchment area method for analyzing spatial access to health services},
	author = {{Wan}, {Neng} and {Zou}, {Bin} and {Sternberg}, {Troy}},
	year = {2012},
	month = {06},
	date = {2012-06},
	journal = {International Journal of Geographical Information Science},
	pages = {1073--1089},
	volume = {26},
	number = {6},
	doi = {10.1080/13658816.2011.624987},
	url = {http://dx.doi.org/10.1080/13658816.2011.624987},
	langid = {en}
}

@article{delamater2013,
	title = {Spatial accessibility in suboptimally configured health care systems: A modified two-step floating catchment area (M2SFCA) metric},
	author = {{Delamater}, {Paul L.}},
	year = {2013},
	month = {11},
	date = {2013-11},
	journal = {Health & Place},
	pages = {30--43},
	volume = {24},
	doi = {10.1016/j.healthplace.2013.07.012},
	url = {http://dx.doi.org/10.1016/j.healthplace.2013.07.012},
	langid = {en}
}

@article{paez2019,
	title = {Demand and level of service inflation in Floating Catchment Area (FCA) methods},
	author = {{Paez}, {Antonio} and {Higgins}, {Christopher D.} and {Vivona}, {Salvatore F.}},
	editor = {{Shah}, {Tayyab Ikram}},
	year = {2019},
	month = {06},
	date = {2019-06-27},
	journal = {PLOS ONE},
	pages = {e0218773},
	volume = {14},
	number = {6},
	doi = {10.1371/journal.pone.0218773},
	url = {http://dx.doi.org/10.1371/journal.pone.0218773},
	langid = {en}
}

@article{anas1983,
	title = {Discrete choice theory, information theory and the multinomial logit and gravity models},
	author = {{Anas}, {Alex}},
	year = {1983},
	month = {02},
	date = {1983-02},
	journal = {Transportation Research Part B: Methodological},
	pages = {13--23},
	volume = {17},
	number = {1},
	doi = {10.1016/0191-2615(83)90023-1},
	url = {http://dx.doi.org/10.1016/0191-2615(83)90023-1},
	langid = {en}
}

@article{luo2003,
	title = {Measures of Spatial Accessibility to Health Care in a GIS Environment: Synthesis and a Case Study in the Chicago Region},
	author = {{Luo}, {Wei} and {Wang}, {Fahui}},
	year = {2003},
	month = {12},
	date = {2003-12},
	journal = {Environment and Planning B: Planning and Design},
	pages = {865--884},
	volume = {30},
	number = {6},
	doi = {10.1068/b29120},
	url = {http://dx.doi.org/10.1068/b29120},
	langid = {en}
}

@article{pereira2021,
	title = {r5r: Rapid Realistic Routing on Multimodal Transport Networks with R5 in R},
	author = {{Pereira}, {Rafael H. M.} and {Saraiva}, {Marcus} and {Herszenhut}, {Daniel} and {Braga}, {Carlos Kaue Vieira} and {Conway}, {Matthew Wigginton}},
	year = {2021},
	month = {03},
	date = {2021-03-04},
	journal = {Findings},
	doi = {10.32866/001c.21262},
	url = {http://dx.doi.org/10.32866/001c.21262},
	langid = {en}
}

@article{brunsdon2020,
	title = {Opening practice: supporting reproducibility and critical spatial data science},
	author = {{Brunsdon}, {Chris} and {Comber}, {Alexis}},
	year = {2020},
	month = {08},
	date = {2020-08-08},
	journal = {Journal of Geographical Systems},
	pages = {477--496},
	volume = {23},
	number = {4},
	doi = {10.1007/s10109-020-00334-2},
	url = {http://dx.doi.org/10.1007/s10109-020-00334-2},
	langid = {en}
}

@article{paez2021,
	title = {Open spatial sciences: an introduction},
	author = {{Páez}, {Antonio}},
	year = {2021},
	month = {10},
	date = {2021-10},
	journal = {Journal of Geographical Systems},
	pages = {467--476},
	volume = {23},
	number = {4},
	doi = {10.1007/s10109-021-00364-4},
	url = {http://dx.doi.org/10.1007/s10109-021-00364-4},
	langid = {en}
}

@article{apparicio2017,
	title = {The approaches to measuring the potential spatial access to urban health services revisited: distance types and aggregation-error issues},
	author = {{Apparicio}, {Philippe} and {Gelb}, {Jérémy} and {Dubé}, {Anne-Sophie} and {Kingham}, {Simon} and {Gauvin}, {Lise} and {Robitaille}, {Éric}},
	year = {2017},
	month = {08},
	date = {2017-08-23},
	journal = {International Journal of Health Geographics},
	volume = {16},
	number = {1},
	doi = {10.1186/s12942-017-0105-9},
	url = {http://dx.doi.org/10.1186/s12942-017-0105-9},
	langid = {en}
}

@article{jang2020,
	title = {Study of the regional accessibility calculation by income class based on utility-based accessibility},
	author = {{Jang}, {Seongman} and {Lee}, {Seungil}},
	year = {2020},
	month = {04},
	date = {2020-04},
	journal = {Journal of Transport Geography},
	pages = {102697},
	volume = {84},
	doi = {10.1016/j.jtrangeo.2020.102697},
	url = {http://dx.doi.org/10.1016/j.jtrangeo.2020.102697},
	langid = {en}
}

@article{macfarlane2020,
	title = {Modeling the impacts of park access on health outcomes: A utility-based accessibility approach},
	author = {{Macfarlane}, {Gregory S} and {Boyd}, {Nico} and {Taylor}, {John E} and {Watkins}, {Kari}},
	year = {2020},
	month = {11},
	date = {2020-11-26},
	journal = {Environment and Planning B: Urban Analytics and City Science},
	pages = {2289--2306},
	volume = {48},
	number = {8},
	doi = {10.1177/2399808320974027},
	url = {http://dx.doi.org/10.1177/2399808320974027},
	langid = {en}
}

@article{dejong2007,
	title = {The logsum as an evaluation measure: Review of the literature and new results},
	author = {{de Jong}, {Gerard} and {Daly}, {Andrew} and {Pieters}, {Marits} and {van der Hoorn}, {Toon}},
	year = {2007},
	month = {11},
	date = {2007-11},
	journal = {Transportation Research Part A: Policy and Practice},
	pages = {874--889},
	volume = {41},
	number = {9},
	doi = {10.1016/j.tra.2006.10.002},
	url = {http://dx.doi.org/10.1016/j.tra.2006.10.002},
	langid = {en}
}

@article{nassir2016,
	title = {A utility-based travel impedance measure for public transit network accessibility},
	author = {{Nassir}, {Neema} and {Hickman}, {Mark} and {Malekzadeh}, {Ali} and {Irannezhad}, {Elnaz}},
	year = {2016},
	month = {06},
	date = {2016-06},
	journal = {Transportation Research Part A: Policy and Practice},
	pages = {26--39},
	volume = {88},
	doi = {10.1016/j.tra.2016.03.007},
	url = {http://dx.doi.org/10.1016/j.tra.2016.03.007},
	langid = {en}
}

@article{hasnine2019,
	title = {A random utility maximization (RUM) based measure of accessibility to transit: Accurate capturing of the first-mile issue in urban transit},
	author = {{Hasnine}, {Md Sami} and {Graovac}, {Ana} and {Camargo}, {Felipe} and {Habib}, {Khandker Nurul}},
	year = {2019},
	month = {01},
	date = {2019-01},
	journal = {Journal of Transport Geography},
	pages = {313--320},
	volume = {74},
	doi = {10.1016/j.jtrangeo.2018.12.007},
	url = {http://dx.doi.org/10.1016/j.jtrangeo.2018.12.007},
	langid = {en}
}

@article{kasraian2020,
	title = {A multi-decade longitudinal analysis of transportation and land use co-evolution in the Greater Toronto-Hamilton Area},
	author = {{Kasraian}, {Dena} and {Raghav}, {Shivani} and {Miller}, {Eric J.}},
	year = {2020},
	month = {04},
	date = {2020-04},
	journal = {Journal of Transport Geography},
	pages = {102696},
	volume = {84},
	doi = {10.1016/j.jtrangeo.2020.102696},
	url = {http://dx.doi.org/10.1016/j.jtrangeo.2020.102696},
	langid = {en}
}

@article{vogel2017,
	title = {Canadians still waiting for timely access to care},
	author = {{Vogel}, {Lauren}},
	year = {2017},
	month = {03},
	date = {2017-03-06},
	journal = {Canadian Medical Association Journal},
	pages = {E375--E376},
	volume = {189},
	number = {9},
	doi = {10.1503/cmaj.1095400},
	url = {http://dx.doi.org/10.1503/cmaj.1095400},
	langid = {en}
}

@article{miller2018,
	title = {Accessibility: measurement and application in transportation planning},
	author = {{Miller}, {Eric J.}},
	year = {2018},
	month = {07},
	date = {2018-07-06},
	journal = {Transport Reviews},
	pages = {551--555},
	volume = {38},
	number = {5},
	doi = {10.1080/01441647.2018.1492778},
	url = {http://dx.doi.org/10.1080/01441647.2018.1492778},
	langid = {en}
}


@article{higgins2021,
	title = {Changes in accessibility to emergency and community food services during COVID-19 and implications for low income populations in Hamilton, Ontario},
	author = {{Higgins}, {Christopher D.} and {Páez}, {Antonio} and {Kim}, {Gyoorie} and {Wang}, {Jue}},
	year = {2021},
	month = {12},
	date = {2021-12},
	journal = {Social Science & Medicine},
	pages = {114442},
	volume = {291},
	doi = {10.1016/j.socscimed.2021.114442},
	url = {http://dx.doi.org/10.1016/j.socscimed.2021.114442},
	langid = {en}
}
